Use crypto.bib if possible.
See
  https://github.com/cryptobib/export
  https://github.com/cryptobib/export_crossref

Include any additional references in this file.

@preamble { "\def\etalchar#1{\textsuperscript{#1}}" }
This ensures that the superscript "+" is properly italicized.
